<?xml version="1.0" encoding="UTF-8"?><collection xmlns="http://www.loc.gov/MARC21/slim"><record><leader>00496nam--2200169-u-4500</leader><controlfield tag="001">000056828</controlfield><controlfield tag="002">20191031</controlfield><controlfield tag="005">20191031051725</controlfield><controlfield tag="008">191031s1000------------r-----000-0-eng-d</controlfield><datafield ind1=" " ind2=" " tag="041"><subfield code="a">eng</subfield></datafield><datafield ind1="1" ind2=" " tag="100"><subfield code="a">FREDRIKSSON, CLAES</subfield></datafield><datafield ind1="1" ind2="0" tag="245"><subfield code="a">THEORETICAL STUDIES OF METAL/ CONJUGATED POLYMER INTERACTIONS</subfield><subfield code="c">CLAES FREDRIKSSON</subfield></datafield><datafield ind1=" " ind2=" " tag="260"><subfield code="a">LINKOPING, SWEDEN</subfield><subfield code="b">LINKOPING UNIVERSITY</subfield><subfield code="c">1993</subfield></datafield><datafield ind1=" " ind2=" " tag="300"><subfield code="a">X 122 P</subfield></datafield><datafield ind1=" " ind2=" " tag="500"><subfield code="a">DONATIE GHEORGHE DINESCU</subfield></datafield><datafield ind1=" " ind2=" " tag="852"><subfield code="a">82785</subfield><subfield code="c">541.64</subfield></datafield><datafield ind1=" " ind2=" " tag="CAT"><subfield code="a">SYS</subfield><subfield code="c">20191031</subfield><subfield code="h">051725</subfield></datafield></record></collection>